
%%%%%%%%%%%%%%%%%%%%%%%%%%%%%%%%%%%%%%%%%%%%%%%%%%%
%			     QUADRATURE RULES		  	      %
%%%%%%%%%%%%%%%%%%%%%%%%%%%%%%%%%%%%%%%%%%%%%%%%%%%

% Numerik
@book{Deuflhard,
	author="P. Deuflhard and A. Hohmann",
	title="Numerische Mathematik 1",
	year="2019",
	publisher="De Gruyter",
	url="https://doi.org/10.1515/9783110614329"
}

@book{Rannacher,
	author="R. Rannacher",
	title="Numerik 0 - Einf√ºhrung in die Numerische Mathematik",
	year="2017",
	publisher="Heidelberg University Publishing",
	url="https://doi.org/10.17885/heiup.206.281"
}

@book{Golub,
	author="G.H. Golub and C.F. Van Loan",
	title="Matrix Computations",
	year="2013",
	publisher="The Johns Hopkins University Press",
	url="http://math.ecnu.edu.cn/~jypan/Teaching/books/2013%20Matrix%20Computations%204th.pdf"
}

@book{StrangData,
	author="G. Strang",
	title="Linear Algebra and Learning from Data",
	year="2019",
	publisher="Wellesley-Cambridge Press",
	url="https://ocw.mit.edu/courses/mathematics/18-065-matrix-methods-in-data-analysis-signal-processing-and-machine-learning-spring-2018/video-lectures/index.htm"
}

@book{StrangLA_intro,
	author="G. Strang",
	title="Introduction to Linear Algebra",
	year="2003",
	publisher="Wellesley-Cambridge Press",
	url="math.mit.edu/linearalgebra"
}
@book{StrangLA_new,
	author="G. Strang",
	title="Linear Algebra for Everyone",
	year="2020",
	publisher="Wellesley-Cambridge Press",
	url="math.mit.edu/everyone"
}
%Meister
@book{Meister,
	author="A. Meister",
	title="Numerik linearer Gleichungssysteme",
	year="2015",
	publisher="Springer Spektrum, Wiesbaden",
	url="https://doi.org/10.1007/978-3-658-07200-1"
}

% Trefethen and Bau
@book{TreBau,
	publisher="SIAM, Soc. for Industrial and Applied Math.",
	author="L.N. Trefethen and D. Bau",
	year="1997",
	title="Numerical linear algebra",
	address="Philadelphia"
}


% Calculus
@book{rudin,
author="W. Rudin",
publisher = {McGraw-Hill},
year = {1976},
title = {Principles of mathematical analysis},
edition = {3. ed.},
language = {eng},
address = {New York, NY}
}

% Calculus
@book{AnalysisComputerSc,
	author="M. Oberguggenberger and A. Ostermann",
	title="Analysis for Computer Scientists",
	year="2018",
	publisher="Springer International Publishing",
	address="Cham",
	url="https://doi.org/10.1007/978-3-319-91155-7"
}


